[gd_scene load_steps=8 format=2]

[ext_resource path="res://src/UI/pause_menu.gd" type="Script" id=1]
[ext_resource path="res://res/fonts/UI_font.tres" type="DynamicFont" id=2]
[ext_resource path="res://src/UI/slider_range_synchronizer.gd" type="Script" id=3]

[sub_resource type="Theme" id=4]
default_font = ExtResource( 2 )

[sub_resource type="Animation" id=3]
resource_name = "Close"
length = 0.25
step = 0.05
tracks/0/type = "value"
tracks/0/path = NodePath("BackgroundColor:color")
tracks/0/interp = 2
tracks/0/loop_wrap = true
tracks/0/imported = false
tracks/0/enabled = true
tracks/0/keys = {
"times": PoolRealArray( 0, 0.25 ),
"transitions": PoolRealArray( 1, 1 ),
"update": 0,
"values": [ Color( 0, 0, 0, 0.498039 ), Color( 0, 0, 0, 0 ) ]
}
tracks/1/type = "value"
tracks/1/path = NodePath("UIElements:modulate")
tracks/1/interp = 2
tracks/1/loop_wrap = true
tracks/1/imported = false
tracks/1/enabled = true
tracks/1/keys = {
"times": PoolRealArray( 0, 0.25 ),
"transitions": PoolRealArray( 1, 1 ),
"update": 0,
"values": [ Color( 1, 1, 1, 1 ), Color( 1, 1, 1, 0 ) ]
}

[sub_resource type="Animation" id=1]
resource_name = "Open"
length = 0.25
step = 0.05
tracks/0/type = "value"
tracks/0/path = NodePath("BackgroundColor:color")
tracks/0/interp = 2
tracks/0/loop_wrap = true
tracks/0/imported = false
tracks/0/enabled = true
tracks/0/keys = {
"times": PoolRealArray( 0, 0.25 ),
"transitions": PoolRealArray( 1, 1 ),
"update": 0,
"values": [ Color( 0, 0, 0, 0 ), Color( 0, 0, 0, 0.498039 ) ]
}
tracks/1/type = "value"
tracks/1/path = NodePath("UIElements:modulate")
tracks/1/interp = 2
tracks/1/loop_wrap = true
tracks/1/imported = false
tracks/1/enabled = true
tracks/1/keys = {
"times": PoolRealArray( 0, 0.25 ),
"transitions": PoolRealArray( 1, 1 ),
"update": 0,
"values": [ Color( 1, 1, 1, 0 ), Color( 1, 1, 1, 1 ) ]
}

[sub_resource type="Animation" id=2]
length = 0.001
tracks/0/type = "value"
tracks/0/path = NodePath("BackgroundColor:color")
tracks/0/interp = 1
tracks/0/loop_wrap = true
tracks/0/imported = false
tracks/0/enabled = true
tracks/0/keys = {
"times": PoolRealArray( 0 ),
"transitions": PoolRealArray( 1 ),
"update": 0,
"values": [ Color( 0, 0, 0, 0.498039 ) ]
}
tracks/1/type = "value"
tracks/1/path = NodePath("UIElements/Settings:modulate")
tracks/1/interp = 1
tracks/1/loop_wrap = true
tracks/1/imported = false
tracks/1/enabled = true
tracks/1/keys = {
"times": PoolRealArray( 0 ),
"transitions": PoolRealArray( 1 ),
"update": 0,
"values": [ Color( 1, 1, 1, 1 ) ]
}

[node name="PauseMenu" type="Control"]
anchor_right = 1.0
anchor_bottom = 1.0
theme = SubResource( 4 )
script = ExtResource( 1 )
__meta__ = {
"_edit_use_anchors_": false
}
ssao_switch_node = NodePath("UIElements/Settings/VBoxContainer/ScreenSpaceEffects/VBoxContainer/AOSwitch")
ssao_reflections_switch_node = NodePath("UIElements/Settings/VBoxContainer/ScreenSpaceEffects/VBoxContainer/ReflectionsSwitch")
debug_mode_switch_node = NodePath("UIElements/Settings/VBoxContainer/Others/VBoxContainer/DebugSwitch")
auto_exposure_switch_node = NodePath("UIElements/Settings/VBoxContainer/Others/VBoxContainer/AutoExposureSwitch")
sharpen_slider_node = NodePath("UIElements/Settings/VBoxContainer/Display/VBoxContainer/Sharpness/SharpenSlider")
fxaa_switch_node = NodePath("UIElements/Settings/VBoxContainer/Aliasing/VBoxContainer/FXAASwitch")
vsync_switch_node = NodePath("UIElements/Settings/VBoxContainer/Display/VBoxContainer/VsyncCheckButton")
msaa_options_node = NodePath("UIElements/Settings/VBoxContainer/Aliasing/VBoxContainer/MSAA/MSAAOptions")
animation_player_node = NodePath("AnimationPlayer")
master_audio_node = NodePath("UIElements/Settings/VBoxContainer/Audio/VBoxContainer/MasterAudio")
gameplay_audio_node = NodePath("UIElements/Settings/VBoxContainer/Audio/VBoxContainer/GameplayAudio")
music_audio_node = NodePath("UIElements/Settings/VBoxContainer/Audio/VBoxContainer/MusicAudio")
fps_limiter_node = NodePath("UIElements/Settings/VBoxContainer/Display/VBoxContainer/FPSLimit/SpinBox")
resolution_width_node = NodePath("UIElements/Settings/VBoxContainer/Display/VBoxContainer/ResolutionWidth/SpinBox")
resolution_height_node = NodePath("UIElements/Settings/VBoxContainer/Display/VBoxContainer/ResolutionHeight/SpinBox")

[node name="AnimationPlayer" type="AnimationPlayer" parent="."]
anims/Close = SubResource( 3 )
anims/Open = SubResource( 1 )
anims/RESET = SubResource( 2 )

[node name="BackgroundColor" type="ColorRect" parent="."]
anchor_right = 1.0
anchor_bottom = 1.0
color = Color( 0, 0, 0, 0.498039 )
__meta__ = {
"_edit_use_anchors_": false
}

[node name="UIElements" type="Control" parent="."]
anchor_left = 0.5
anchor_top = 0.5
anchor_right = 0.5
anchor_bottom = 0.5
margin_left = -20.0
margin_top = -20.0
margin_right = 20.0
margin_bottom = 20.0
__meta__ = {
"_edit_use_anchors_": false
}

[node name="Settings" type="PanelContainer" parent="UIElements"]
anchor_left = 0.5
anchor_top = 0.5
anchor_right = 0.5
anchor_bottom = 0.5
margin_left = -321.0
margin_top = -464.5
margin_right = 321.0
margin_bottom = 464.5
__meta__ = {
"_edit_use_anchors_": false
}

[node name="VBoxContainer" type="VBoxContainer" parent="UIElements/Settings"]
margin_left = 7.0
margin_top = 7.0
margin_right = 635.0
margin_bottom = 1097.0

[node name="Title" type="Label" parent="UIElements/Settings/VBoxContainer"]
margin_right = 628.0
margin_bottom = 41.0
text = "Settings"
align = 1
valign = 1
uppercase = true
__meta__ = {
"_edit_use_anchors_": false
}

[node name="ScreenSpaceEffects" type="PanelContainer" parent="UIElements/Settings/VBoxContainer"]
margin_top = 45.0
margin_right = 628.0
margin_bottom = 206.0

[node name="VBoxContainer" type="VBoxContainer" parent="UIElements/Settings/VBoxContainer/ScreenSpaceEffects"]
margin_left = 7.0
margin_top = 7.0
margin_right = 621.0
margin_bottom = 154.0

[node name="Title" type="Label" parent="UIElements/Settings/VBoxContainer/ScreenSpaceEffects/VBoxContainer"]
margin_right = 614.0
margin_bottom = 41.0
text = "screen space effects"
align = 1
valign = 1
uppercase = true
__meta__ = {
"_edit_use_anchors_": false
}

[node name="AOSwitch" type="CheckButton" parent="UIElements/Settings/VBoxContainer/ScreenSpaceEffects/VBoxContainer"]
margin_top = 45.0
margin_right = 614.0
margin_bottom = 94.0
text = "Ambient Occlusion"
flat = true
__meta__ = {
"_edit_use_anchors_": false
}

[node name="ReflectionsSwitch" type="CheckButton" parent="UIElements/Settings/VBoxContainer/ScreenSpaceEffects/VBoxContainer"]
margin_top = 98.0
margin_right = 614.0
margin_bottom = 147.0
text = "Reflections"
flat = true
__meta__ = {
"_edit_use_anchors_": false
}

[node name="Aliasing" type="PanelContainer" parent="UIElements/Settings/VBoxContainer"]
margin_top = 210.0
margin_right = 628.0
margin_bottom = 369.0

[node name="VBoxContainer" type="VBoxContainer" parent="UIElements/Settings/VBoxContainer/Aliasing"]
margin_left = 7.0
margin_top = 7.0
margin_right = 621.0
margin_bottom = 152.0

[node name="Title" type="Label" parent="UIElements/Settings/VBoxContainer/Aliasing/VBoxContainer"]
margin_right = 614.0
margin_bottom = 41.0
text = "antialiasing"
align = 1
valign = 1
uppercase = true
__meta__ = {
"_edit_use_anchors_": false
}

[node name="FXAASwitch" type="CheckButton" parent="UIElements/Settings/VBoxContainer/Aliasing/VBoxContainer"]
margin_top = 45.0
margin_right = 614.0
margin_bottom = 94.0
size_flags_horizontal = 3
size_flags_vertical = 3
text = "FXAA"
flat = true

[node name="MSAA" type="HBoxContainer" parent="UIElements/Settings/VBoxContainer/Aliasing/VBoxContainer"]
margin_top = 98.0
margin_right = 614.0
margin_bottom = 145.0

[node name="Label" type="Label" parent="UIElements/Settings/VBoxContainer/Aliasing/VBoxContainer/MSAA"]
margin_top = 3.0
margin_right = 305.0
margin_bottom = 44.0
size_flags_horizontal = 3
text = "MSAA"
__meta__ = {
"_edit_use_anchors_": false
}

[node name="MSAAOptions" type="OptionButton" parent="UIElements/Settings/VBoxContainer/Aliasing/VBoxContainer/MSAA"]
margin_left = 309.0
margin_right = 614.0
margin_bottom = 47.0
size_flags_horizontal = 3
text = "Off"
items = [ "Off", null, false, 0, null, "2x", null, false, 1, null, "4x", null, false, 2, null, "8x", null, false, 4, null, "16x", null, false, 8, null ]
selected = 0

[node name="Display" type="PanelContainer" parent="UIElements/Settings/VBoxContainer"]
margin_top = 373.0
margin_right = 628.0
margin_bottom = 701.0

[node name="VBoxContainer" type="VBoxContainer" parent="UIElements/Settings/VBoxContainer/Display"]
margin_left = 7.0
margin_top = 7.0
margin_right = 621.0
margin_bottom = 321.0

[node name="Title" type="Label" parent="UIElements/Settings/VBoxContainer/Display/VBoxContainer"]
margin_right = 614.0
margin_bottom = 41.0
text = "Display"
align = 1
uppercase = true

[node name="ResolutionWidth" type="HBoxContainer" parent="UIElements/Settings/VBoxContainer/Display/VBoxContainer"]
margin_top = 45.0
margin_right = 614.0
margin_bottom = 96.0
__meta__ = {
"_edit_use_anchors_": false
}

[node name="Title" type="Label" parent="UIElements/Settings/VBoxContainer/Display/VBoxContainer/ResolutionWidth"]
margin_top = 5.0
margin_right = 392.0
margin_bottom = 46.0
size_flags_horizontal = 3
text = "Resolution Width"
valign = 1

[node name="SpinBox" type="SpinBox" parent="UIElements/Settings/VBoxContainer/Display/VBoxContainer/ResolutionWidth"]
margin_left = 396.0
margin_right = 614.0
margin_bottom = 51.0
min_value = 256.0
max_value = 8192.0
value = 1920.0
rounded = true
allow_lesser = true
align = 1

[node name="ResolutionHeight" type="HBoxContainer" parent="UIElements/Settings/VBoxContainer/Display/VBoxContainer"]
margin_top = 100.0
margin_right = 614.0
margin_bottom = 151.0
__meta__ = {
"_edit_use_anchors_": false
}

[node name="Title" type="Label" parent="UIElements/Settings/VBoxContainer/Display/VBoxContainer/ResolutionHeight"]
margin_top = 5.0
margin_right = 392.0
margin_bottom = 46.0
size_flags_horizontal = 3
text = "Resolution Height"
valign = 1

[node name="SpinBox" type="SpinBox" parent="UIElements/Settings/VBoxContainer/Display/VBoxContainer/ResolutionHeight"]
margin_left = 396.0
margin_right = 614.0
margin_bottom = 51.0
min_value = 256.0
max_value = 8192.0
value = 1080.0
rounded = true
align = 1

[node name="Sharpness" type="HBoxContainer" parent="UIElements/Settings/VBoxContainer/Display/VBoxContainer"]
margin_top = 155.0
margin_right = 614.0
margin_bottom = 206.0
script = ExtResource( 3 )
slider_node = NodePath("SharpenSlider")
range_node = NodePath("SpinBox")

[node name="Label" type="Label" parent="UIElements/Settings/VBoxContainer/Display/VBoxContainer/Sharpness"]
margin_right = 194.0
margin_bottom = 51.0
size_flags_horizontal = 3
size_flags_vertical = 3
text = "Sharpening"
valign = 1

[node name="SpinBox" type="SpinBox" parent="UIElements/Settings/VBoxContainer/Display/VBoxContainer/Sharpness"]
margin_left = 198.0
margin_right = 416.0
margin_bottom = 51.0
align = 1
suffix = "%"

[node name="SharpenSlider" type="HSlider" parent="UIElements/Settings/VBoxContainer/Display/VBoxContainer/Sharpness"]
margin_left = 420.0
margin_right = 614.0
margin_bottom = 51.0
size_flags_horizontal = 3
size_flags_vertical = 3

[node name="VsyncCheckButton" type="CheckButton" parent="UIElements/Settings/VBoxContainer/Display/VBoxContainer"]
margin_top = 210.0
margin_right = 614.0
margin_bottom = 259.0
pressed = true
text = "Vsync"

[node name="FPSLimit" type="HBoxContainer" parent="UIElements/Settings/VBoxContainer/Display/VBoxContainer"]
margin_top = 263.0
margin_right = 614.0
margin_bottom = 314.0

[node name="Label" type="Label" parent="UIElements/Settings/VBoxContainer/Display/VBoxContainer/FPSLimit"]
margin_right = 392.0
margin_bottom = 51.0
size_flags_horizontal = 3
size_flags_vertical = 3
text = "FPS Limit (0 means off)"
valign = 1

[node name="SpinBox" type="SpinBox" parent="UIElements/Settings/VBoxContainer/Display/VBoxContainer/FPSLimit"]
margin_left = 396.0
margin_right = 614.0
margin_bottom = 51.0
max_value = 999.0
rounded = true
allow_greater = true
align = 1

[node name="Audio" type="PanelContainer" parent="UIElements/Settings/VBoxContainer"]
margin_top = 705.0
margin_right = 628.0
margin_bottom = 925.0

[node name="VBoxContainer" type="VBoxContainer" parent="UIElements/Settings/VBoxContainer/Audio"]
margin_left = 7.0
margin_top = 7.0
margin_right = 621.0
margin_bottom = 213.0

[node name="Title" type="Label" parent="UIElements/Settings/VBoxContainer/Audio/VBoxContainer"]
margin_right = 614.0
margin_bottom = 41.0
text = "Audio"
align = 1
uppercase = true

[node name="MasterAudio" type="HBoxContainer" parent="UIElements/Settings/VBoxContainer/Audio/VBoxContainer"]
margin_top = 45.0
margin_right = 614.0
margin_bottom = 96.0
script = ExtResource( 3 )
slider_node = NodePath("MasterAudioSlider")
range_node = NodePath("MasterAudioSpinbox")

[node name="Label" type="Label" parent="UIElements/Settings/VBoxContainer/Audio/VBoxContainer/MasterAudio"]
margin_top = 5.0
margin_right = 194.0
margin_bottom = 46.0
size_flags_horizontal = 3
text = "Master"

[node name="MasterAudioSpinbox" type="SpinBox" parent="UIElements/Settings/VBoxContainer/Audio/VBoxContainer/MasterAudio"]
margin_left = 198.0
margin_right = 416.0
margin_bottom = 51.0
min_value = -40.0
max_value = 0.0
align = 1
suffix = "db"

[node name="MasterAudioSlider" type="HSlider" parent="UIElements/Settings/VBoxContainer/Audio/VBoxContainer/MasterAudio"]
margin_left = 420.0
margin_right = 614.0
margin_bottom = 51.0
size_flags_horizontal = 3
size_flags_vertical = 3
min_value = -40.0
max_value = 0.0

[node name="GameplayAudio" type="HBoxContainer" parent="UIElements/Settings/VBoxContainer/Audio/VBoxContainer"]
margin_top = 100.0
margin_right = 614.0
margin_bottom = 151.0
script = ExtResource( 3 )
slider_node = NodePath("GameplayAudioSlider")
range_node = NodePath("GameplayAudioSpinbox")

[node name="Label" type="Label" parent="UIElements/Settings/VBoxContainer/Audio/VBoxContainer/GameplayAudio"]
margin_top = 5.0
margin_right = 194.0
margin_bottom = 46.0
size_flags_horizontal = 3
text = "Gameplay"

[node name="GameplayAudioSpinbox" type="SpinBox" parent="UIElements/Settings/VBoxContainer/Audio/VBoxContainer/GameplayAudio"]
margin_left = 198.0
margin_right = 416.0
margin_bottom = 51.0
min_value = -40.0
max_value = 0.0
align = 1
suffix = "db"

[node name="GameplayAudioSlider" type="HSlider" parent="UIElements/Settings/VBoxContainer/Audio/VBoxContainer/GameplayAudio"]
margin_left = 420.0
margin_right = 614.0
margin_bottom = 51.0
size_flags_horizontal = 3
size_flags_vertical = 3
min_value = -40.0
max_value = 0.0

[node name="MusicAudio" type="HBoxContainer" parent="UIElements/Settings/VBoxContainer/Audio/VBoxContainer"]
margin_top = 155.0
margin_right = 614.0
margin_bottom = 206.0
size_flags_horizontal = 3
script = ExtResource( 3 )
slider_node = NodePath("MusicAudioSlider")
range_node = NodePath("MusicAudioSpinbox")

[node name="Label" type="Label" parent="UIElements/Settings/VBoxContainer/Audio/VBoxContainer/MusicAudio"]
margin_top = 5.0
margin_right = 194.0
margin_bottom = 46.0
size_flags_horizontal = 3
text = "Music"

[node name="MusicAudioSpinbox" type="SpinBox" parent="UIElements/Settings/VBoxContainer/Audio/VBoxContainer/MusicAudio"]
margin_left = 198.0
margin_right = 416.0
margin_bottom = 51.0
min_value = -40.0
max_value = 0.0
align = 1
suffix = "db"
__meta__ = {
"_edit_use_anchors_": false
}

[node name="MusicAudioSlider" type="HSlider" parent="UIElements/Settings/VBoxContainer/Audio/VBoxContainer/MusicAudio"]
margin_left = 420.0
margin_right = 614.0
margin_bottom = 51.0
size_flags_horizontal = 3
size_flags_vertical = 3
min_value = -40.0
max_value = 0.0
__meta__ = {
"_edit_use_anchors_": false
}

[node name="Others" type="PanelContainer" parent="UIElements/Settings/VBoxContainer"]
margin_top = 929.0
margin_right = 628.0
margin_bottom = 1090.0

[node name="VBoxContainer" type="VBoxContainer" parent="UIElements/Settings/VBoxContainer/Others"]
margin_left = 7.0
margin_top = 7.0
margin_right = 621.0
margin_bottom = 154.0

[node name="Title" type="Label" parent="UIElements/Settings/VBoxContainer/Others/VBoxContainer"]
margin_right = 614.0
margin_bottom = 41.0
text = "Others"
align = 1
uppercase = true

[node name="AutoExposureSwitch" type="CheckButton" parent="UIElements/Settings/VBoxContainer/Others/VBoxContainer"]
margin_top = 45.0
margin_right = 614.0
margin_bottom = 94.0
text = "Auto Exposure"
flat = true
__meta__ = {
"_edit_use_anchors_": false
}

[node name="DebugSwitch" type="CheckButton" parent="UIElements/Settings/VBoxContainer/Others/VBoxContainer"]
margin_top = 98.0
margin_right = 614.0
margin_bottom = 147.0
text = "Debug Mode"
flat = true

[node name="Controls" type="PanelContainer" parent="UIElements"]
anchor_left = 3.775
anchor_top = -4.05
anchor_right = 3.775
anchor_bottom = -4.05
margin_left = 313.0
margin_top = 22.0
margin_right = 615.0
margin_bottom = 341.0
__meta__ = {
"_edit_use_anchors_": false
}

[node name="Label" type="Label" parent="UIElements/Controls"]
margin_left = 7.0
margin_top = 7.0
margin_right = 295.0
margin_bottom = 312.0
text = "Controls:
	Movement: AWSD
	Interact: E
	Menu: Escape
	Zoom: Mouse Wheel
	Sprint: Left Shift
	Jump: Space"
